%% This BibTeX bibliography file was created using BibDesk.
%% http://bibdesk.sourceforge.net/


%% Created for Lu Ding at 2016-08-26 21:39:05 +0200 


%% Saved with string encoding Unicode (UTF-8) 



@webpage{water-model,
	Author = {Martin Chaplin},
	Date-Added = {2016-08-26 19:36:08 +0000},
	Date-Modified = {2016-08-26 19:39:02 +0000},
	Title = {Water Model},
	Url = {http://www1.lsbu.ac.uk/water/water_models.html}}

@article{polarisable_2,
	Author = {Dang, Liem X. and Rice, Julia E. and Kollman, Peter A.},
	Date-Added = {2016-08-24 00:21:13 +0000},
	Date-Modified = {2016-08-24 00:21:38 +0000},
	Doi = {http://dx.doi.org/10.1063/1.459714},
	Journal = {The Journal of Chemical Physics},
	Number = {10},
	Pages = {7528-7529},
	Title = {The effect of water models on the interaction of the sodium--chloride ion pair in water: Molecular dynamics simulations},
	Url = {http://scitation.aip.org/content/aip/journal/jcp/93/10/10.1063/1.459714},
	Volume = {93},
	Year = {1990},
	Bdsk-Url-1 = {http://scitation.aip.org/content/aip/journal/jcp/93/10/10.1063/1.459714},
	Bdsk-Url-2 = {http://dx.doi.org/10.1063/1.459714}}

@article{polarisable_1,
	Author = {Sprik, Michiel and Klein, Michael L.},
	Date-Added = {2016-08-24 00:21:13 +0000},
	Date-Modified = {2016-08-24 00:21:31 +0000},
	Doi = {http://dx.doi.org/10.1063/1.455722},
	Journal = {The Journal of Chemical Physics},
	Number = {12},
	Pages = {7556-7560},
	Title = {A polarizable model for water using distributed charge sites},
	Url = {http://scitation.aip.org/content/aip/journal/jcp/89/12/10.1063/1.455722},
	Volume = {89},
	Year = {1988},
	Bdsk-Url-1 = {http://scitation.aip.org/content/aip/journal/jcp/89/12/10.1063/1.455722},
	Bdsk-Url-2 = {http://dx.doi.org/10.1063/1.455722}}

@article{Jorgensen_1995_MC,
	Author = {Jorgensen, William L. and Tirado-Rives, Julian},
	Date-Added = {2016-08-23 22:38:04 +0000},
	Date-Modified = {2016-08-24 00:54:28 +0000},
	Doi = {10.1007/BF02174470},
	Issn = {1573-9023},
	Journal = {Perspectives in Drug Discovery and Design},
	Number = {1},
	Pages = {123--138},
	Title = {Free energies of hydration for organic molecules from Monte Carlo simulations},
	Url = {http://dx.doi.org/10.1007/BF02174470},
	Volume = {3},
	Year = {1995},
	Bdsk-Url-1 = {http://dx.doi.org/10.1007/BF02174470}}

@article{drug_3,
	Author = {Hughes, {Laura D.} and Palmer, {David S.} and Florian Nigsch and Mitchell, {John B. O.}},
	Date-Added = {2016-08-23 20:51:21 +0000},
	Date-Modified = {2016-08-24 01:07:52 +0000},
	Doi = {10.1021/ci700307p},
	Issn = {1549-9596},
	Journal = {Journal of Chemical Information and Modeling},
	Month = {1},
	Number = {1},
	Pages = {220--232},
	Publisher = {American Chemical Society},
	Title = {Why are some properties more difficult to predict than others? A study of QSPR models of solubility, melting point, and Log P},
	Volume = {48},
	Year = {2008},
	Bdsk-Url-1 = {http://dx.doi.org/10.1021/ci700307p}}

@article{drug_2_Perlovich,
	Annote = {doi: 10.1002/jps.20674},
	Author = {Perlovich, German L. and Volkova, Tatyana V. and Bauer-Brandl, Annette},
	Booktitle = {Journal of Pharmaceutical Sciences},
	Date-Added = {2016-08-23 20:49:52 +0000},
	Date-Modified = {2016-08-24 01:07:05 +0000},
	Doi = {10.1002/jps.20674},
	Isbn = {0022-3549},
	Journal = {Journal of Pharmaceutical Sciences},
	M3 = {doi: 10.1002/jps.20674},
	Month = {2016/08/23},
	Number = {10},
	Pages = {2158--2169},
	Publisher = {Elsevier},
	Title = {Towards an understanding of the molecular mechanism of solvation of drug molecules: A thermodynamic approach by crystal lattice energy, sublimation, and solubility exemplified by paracetamol, acetanilide, and phenacetin},
	Ty = {JOUR},
	Url = {http://dx.doi.org/10.1002/jps.20674},
	Volume = {95},
	Bdsk-Url-1 = {http://dx.doi.org/10.1002/jps.20674}}

@inbook{drug_1_Perlovich,
	Annote = {doi:10.1201/b12241-9},
	Author = {GermanL Perlovich and Annette Bauer-Brandl},
	Booktitle = {Chemical Processes with Participation of Biological and Related Compounds},
	Date-Added = {2016-08-23 20:48:08 +0000},
	Date-Modified = {2016-08-23 20:48:24 +0000},
	Doi = {doi:10.1201/b12241-9},
	Isbn = {978-90-04-16210-5},
	M1 = {0},
	M3 = {doi:10.1201/b12241-9},
	Month = {2016/08/23},
	Pages = {291-325},
	Publisher = {CRC Press},
	Title = {Solvation of Drugs as a Key for Understanding Partitioning and Passive Transport Exemplified by NSAIDs},
	Ty = {CHAP},
	Url = {http://dx.doi.org/10.1201/b12241-9},
	Year = {2008},
	Year1 = {2008/12/23},
	Bdsk-Url-1 = {http://dx.doi.org/10.1201/b12241-9}}

@article{TORRIE1977187,
	Abstract = {The free energy difference between a model system and some reference system can easily be written as an ensemble average, but the conventional Monte Carlo methods of obtaining such averages are inadequate for the free-energy case. That is because the Boltzmann-weighted sampling distribution ordinarily used is extremely inefficient for the purpose. This paper describes the use of arbitrary sampling distributions chosen to facilitate such estimates. The methods have been tested successfully on the Lennard-Jones system over a wide range of temperature and density, including the gas-liquid coexistence region, and are found to be extremely powerful and economical.},
	Author = {G.M. Torrie and J.P. Valleau},
	Date-Added = {2016-08-23 12:00:48 +0000},
	Date-Modified = {2016-08-23 12:00:48 +0000},
	Doi = {http://dx.doi.org/10.1016/0021-9991(77)90121-8},
	Issn = {0021-9991},
	Journal = {Journal of Computational Physics},
	Number = {2},
	Pages = {187 - 199},
	Title = {Nonphysical sampling distributions in Monte Carlo free-energy estimation: Umbrella sampling},
	Url = {http://www.sciencedirect.com/science/article/pii/0021999177901218},
	Volume = {23},
	Year = {1977},
	Bdsk-Url-1 = {http://www.sciencedirect.com/science/article/pii/0021999177901218},
	Bdsk-Url-2 = {http://dx.doi.org/10.1016/0021-9991(77)90121-8}}

@article{Honig_1993,
	Author = {Barry Honig and Kim Sharp and An Suei Yang},
	Date-Added = {2016-08-23 12:00:48 +0000},
	Date-Modified = {2016-08-23 12:01:08 +0000},
	Doi = {10.1021/j100108a002},
	Eprint = {http://dx.doi.org/10.1021/j100108a002},
	Journal = {The Journal of Physical Chemistry},
	Number = {6},
	Pages = {1101-1109},
	Title = {Macroscopic models of aqueous solutions: biological and chemical applications},
	Url = {http://dx.doi.org/10.1021/j100108a002},
	Volume = {97},
	Year = {1993},
	Bdsk-Url-1 = {http://dx.doi.org/10.1021/j100108a002}}

@article{SAS_2,
	Author = {Robert B. Hermann},
	Date-Added = {2016-08-22 15:11:51 +0000},
	Date-Modified = {2016-08-22 15:12:00 +0000},
	Doi = {10.1021/j100663a023},
	Eprint = {http://dx.doi.org/10.1021/j100663a023},
	Journal = {The Journal of Physical Chemistry},
	Number = {19},
	Pages = {2754-2759},
	Title = {Theory of hydrophobic bonding. II. Correlation of hydrocarbon solubility in water with solvent cavity surface area},
	Url = {http://dx.doi.org/10.1021/j100663a023},
	Volume = {76},
	Year = {1972},
	Bdsk-Url-1 = {http://dx.doi.org/10.1021/j100663a023}}

@article{SAS_1,
	Author = {B. Lee and F.M. Richards},
	Date-Added = {2016-08-22 15:10:48 +0000},
	Date-Modified = {2016-08-22 15:10:57 +0000},
	Doi = {http://dx.doi.org/10.1016/0022-2836(71)90324-X},
	Issn = {0022-2836},
	Journal = {Journal of Molecular Biology},
	Number = {3},
	Pages = {379 - IN4},
	Title = {The interpretation of protein structures: Estimation of static accessibility},
	Url = {http://www.sciencedirect.com/science/article/pii/002228367190324X},
	Volume = {55},
	Year = {1971},
	Bdsk-Url-1 = {http://www.sciencedirect.com/science/article/pii/002228367190324X},
	Bdsk-Url-2 = {http://dx.doi.org/10.1016/0022-2836(71)90324-X}}

@article{Tomasi_1994_implicit_model,
	Author = {Jacopo Tomasi and Maurizio Persico},
	Date-Added = {2016-08-22 14:50:20 +0000},
	Date-Modified = {2016-08-22 14:50:47 +0000},
	Doi = {10.1021/cr00031a013},
	Eprint = {http://dx.doi.org/10.1021/cr00031a013},
	Journal = {Chemical Reviews},
	Number = {7},
	Pages = {2027-2094},
	Title = {Molecular Interactions in Solution: An Overview of Methods Based on Continuous Distributions of the Solvent},
	Url = {http://dx.doi.org/10.1021/cr00031a013},
	Volume = {94},
	Year = {1994},
	Bdsk-Url-1 = {http://dx.doi.org/10.1021/cr00031a013}}

@article{Cramer_1999,
	Author = {Christopher J. Cramer and Donald G. Truhlar},
	Date-Added = {2016-08-22 13:46:39 +0000},
	Date-Modified = {2016-08-24 17:07:41 +0000},
	Doi = {10.1021/cr960149m},
	Eprint = {http://dx.doi.org/10.1021/cr960149m},
	Journal = {Chemical Reviews},
	Note = {PMID: 11849023},
	Number = {8},
	Pages = {2161-2200},
	Title = {Implicit Solvation Models: Equilibria, Structure, Spectra, and Dynamics},
	Url = {http://dx.doi.org/10.1021/cr960149m},
	Volume = {99},
	Year = {1999},
	Bdsk-Url-1 = {http://dx.doi.org/10.1021/cr960149m}}

@article{Marchi_2001,
	Author = {Marchi, Massimo and Borgis, Daniel and Levy, Nicolas and Ballone, Pietro},
	Date-Added = {2016-08-20 21:31:46 +0000},
	Date-Modified = {2016-08-20 21:31:56 +0000},
	Doi = {http://dx.doi.org/10.1063/1.1348028},
	Journal = {The Journal of Chemical Physics},
	Number = {10},
	Pages = {4377-4385},
	Title = {A dielectric continuum molecular dynamics method},
	Url = {http://scitation.aip.org/content/aip/journal/jcp/114/10/10.1063/1.1348028},
	Volume = {114},
	Year = {2001},
	Bdsk-Url-1 = {http://scitation.aip.org/content/aip/journal/jcp/114/10/10.1063/1.1348028},
	Bdsk-Url-2 = {http://dx.doi.org/10.1063/1.1348028}}

@article{Zhu_1994_bfgs,
	Acmid = {210980},
	Address = {Philadelphia, PA, USA},
	Author = {Byrd, Richard H. and Lu, Peihuang and Nocedal, Jorge and Zhu, Ciyou},
	Date-Added = {2016-08-20 15:22:53 +0000},
	Date-Modified = {2016-08-20 15:23:09 +0000},
	Doi = {10.1137/0916069},
	Issn = {1064-8275},
	Issue_Date = {Sept. 1995},
	Journal = {SIAM J. Sci. Comput.},
	Keywords = {bound constrained optimization, large-scale optimization, limited memory method, nonlinear optimization, quasi-Newton method},
	Month = sep,
	Number = {5},
	Numpages = {19},
	Pages = {1190--1208},
	Publisher = {Society for Industrial and Applied Mathematics},
	Title = {A Limited Memory Algorithm for Bound Constrained Optimization},
	Url = {http://dx.doi.org/10.1137/0916069},
	Volume = {16},
	Year = {1995},
	Bdsk-Url-1 = {http://dx.doi.org/10.1137/0916069}}

@article{Zhu_bfgs_1997_algorithm,
	Author = {Zhu, Ciyou and Byrd, Richard H. and Lu, Peihuang and Nocedal, Jorge},
	Date-Added = {2016-08-20 15:19:58 +0000},
	Date-Modified = {2016-08-20 15:20:25 +0000},
	Doi = {10.1145/279232.279236},
	File = {Zhu et al. - 1997 - Algorithm 778 L-BFGS-B Fortran subroutines for l.pdf:/Users/lding/Library/Application Support/Zotero/Profiles/pp5nulh6.default/zotero/storage/HI23QBMP/Zhu et al. - 1997 - Algorithm 778 L-BFGS-B Fortran subroutines for l.pdf:application/pdf},
	Issn = {00983500},
	Journal = {ACM Transactions on Mathematical Software},
	Month = dec,
	Number = {4},
	Pages = {550--560},
	Shorttitle = {Algorithm 778},
	Title = {Algorithm 778: {L}-{BFGS}-{B}: {Fortran} subroutines for large-scale bound-constrained optimization},
	Url = {https://acces-distant.upmc.fr/http/portal.acm.org/citation.cfm?doid=279232.279236},
	Urldate = {2011-06-09},
	Volume = {23},
	Year = {1997},
	Bdsk-Url-1 = {https://acces-distant.upmc.fr/http/portal.acm.org/citation.cfm?doid=279232.279236},
	Bdsk-Url-2 = {http://dx.doi.org/10.1145/279232.279236}}

@article{hadley_coarse-grained_2012,
	Author = {Hadley, Kevin R and McCabe, Clare},
	Date-Added = {2016-08-14 10:32:39 +0000},
	Date-Modified = {2016-08-24 00:54:46 +0000},
	Doi = {10.1080/08927022.2012.671942},
	Issn = {0892-7022},
	Journal = {Molecular simulation},
	Number = {8-9},
	Pages = {671--681},
	Title = {Coarse-{Grained} {Molecular} {Models} of {Water}: {A} {Review}},
	Url = {http://www.ncbi.nlm.nih.gov/pmc/articles/PMC3420348/},
	Volume = {38},
	Year = {2012},
	Bdsk-Url-1 = {http://www.ncbi.nlm.nih.gov/pmc/articles/PMC3420348/},
	Bdsk-Url-2 = {http://dx.doi.org/10.1080/08927022.2012.671942}}

@article{Kusalik_1994_dc_spc/e,
	Author = {Kusalik, Peter G. and Svishchev, Igor M.},
	Date-Added = {2016-08-13 19:17:33 +0000},
	Date-Modified = {2016-08-24 00:54:22 +0000},
	Doi = {10.1126/science.265.5176.1219},
	Eprint = {http://science.sciencemag.org/content/265/5176/1219.full.pdf},
	Issn = {0036-8075},
	Journal = {Science},
	Number = {5176},
	Pages = {1219--1221},
	Publisher = {American Association for the Advancement of Science},
	Title = {The Spatial Structure in Liquid Water},
	Url = {http://science.sciencemag.org/content/265/5176/1219},
	Volume = {265},
	Year = {1994},
	Bdsk-Url-1 = {http://science.sciencemag.org/content/265/5176/1219},
	Bdsk-Url-2 = {http://dx.doi.org/10.1126/science.265.5176.1219}}

@article{SPC/E,
	Author = {H. J. C. Berendsen and J. R. Grigera and T. P. Straatsma},
	Date-Added = {2016-08-13 18:31:41 +0000},
	Date-Modified = {2016-08-13 18:31:52 +0000},
	Doi = {10.1021/j100308a038},
	Eprint = {http://dx.doi.org/10.1021/j100308a038},
	Journal = {The Journal of Physical Chemistry},
	Number = {24},
	Pages = {6269-6271},
	Title = {The missing term in effective pair potentials},
	Url = {http://dx.doi.org/10.1021/j100308a038},
	Volume = {91},
	Year = {1987},
	Bdsk-Url-1 = {http://dx.doi.org/10.1021/j100308a038}}

@url{scrf,
	Date-Added = {2016-08-13 09:45:55 +0000},
	Date-Modified = {2016-08-13 09:49:52 +0000},
	Keywords = {SCRF},
	Month = {May},
	Title = {Gaussian 09 keyword: SCRF},
	Url = {http://www.gaussian.com/g_tech/g_ur/k_scrf.htm},
	Urldate = {22 May 2014},
	Year = {2014},
	Bdsk-Url-1 = {http://www.gaussian.com/g_tech/g_ur/k_scrf.htm}}

@article{Rodgers_1985,
	Acmid = {327215},
	Address = {New York, NY, USA},
	Author = {Rodgers, David P.},
	Date-Added = {2016-08-12 19:20:13 +0000},
	Date-Modified = {2016-08-12 19:20:26 +0000},
	Doi = {10.1145/327070.327215},
	Issn = {0163-5964},
	Issue_Date = {June 1985},
	Journal = {SIGARCH Comput. Archit. News},
	Month = jun,
	Number = {3},
	Numpages = {7},
	Pages = {225--231},
	Publisher = {ACM},
	Title = {Improvements in Multiprocessor System Design},
	Url = {http://doi.acm.org/10.1145/327070.327215},
	Volume = {13},
	Year = {1985},
	Bdsk-Url-1 = {http://doi.acm.org/10.1145/327070.327215},
	Bdsk-Url-2 = {http://dx.doi.org/10.1145/327070.327215}}

@article{Williams_2009_roofline,
	Acmid = {1498785},
	Address = {New York, NY, USA},
	Author = {Williams, Samuel and Waterman, Andrew and Patterson, David},
	Date-Added = {2016-08-12 14:10:57 +0000},
	Date-Modified = {2016-08-12 14:11:08 +0000},
	Doi = {10.1145/1498765.1498785},
	Issn = {0001-0782},
	Issue_Date = {April 2009},
	Journal = {Commun. ACM},
	Month = apr,
	Number = {4},
	Numpages = {12},
	Pages = {65--76},
	Publisher = {ACM},
	Title = {Roofline: An Insightful Visual Performance Model for Multicore Architectures},
	Url = {http://doi.acm.org/10.1145/1498765.1498785},
	Volume = {52},
	Year = {2009},
	Bdsk-Url-1 = {http://doi.acm.org/10.1145/1498765.1498785},
	Bdsk-Url-2 = {http://dx.doi.org/10.1145/1498765.1498785}}

@inbook{Hansen_1987,
	Address = {Dordrecht},
	Author = {Hansen, J. P.},
	Booktitle = {The Physics and Chemistry of Aqueous Ionic Solutions},
	Date-Added = {2016-08-12 11:42:59 +0000},
	Date-Modified = {2016-08-12 11:43:07 +0000},
	Doi = {10.1007/978-94-009-3911-0_1},
	Editor = {Bellissent-Funel, M.-C and Neilson, G. W.},
	Isbn = {978-94-009-3911-0},
	Pages = {1--59},
	Publisher = {Springer Netherlands},
	Title = {Basic Statistical Theory of Liquids},
	Url = {http://dx.doi.org/10.1007/978-94-009-3911-0_1},
	Year = {1987},
	Bdsk-Url-1 = {http://dx.doi.org/10.1007/978-94-009-3911-0_1}}

@article{Evans_1979,
	Abstract = { Abstract Recent theoretical work on the microscopic structure and surface tension of the liquid-vapour interface of simple (argon-like) fluids is critically reviewed. In particular, the form of pairwise intermolecular correlations in the liquid surface and the capillary wave treatment of the interface are examined in some detail. It is argued that conventional capillary wave theory, which leads to divergences in the width of the density profile, is unsatisfactory for describing all the equilibrium aspects of the interface. The density functional formalism which has been developed to study the liquid-vapour interface can also be profitably applied to other problems in the statistical mechanics of non-uniform fluids; here a new generalization of the `linear' theory of spinodal decomposition is formulated and by considering a `nearly uniform' fluid, some useful results for the long-wavelength behaviour of the liquid structure factor of various monatomic liquids are obtained. Some other topics of current interest in this area are briefly discussed. },
	Author = {R. Evans},
	Date-Added = {2016-08-12 11:36:20 +0000},
	Date-Modified = {2016-08-12 11:36:27 +0000},
	Doi = {10.1080/00018737900101365},
	Eprint = {http://dx.doi.org/10.1080/00018737900101365},
	Journal = {Advances in Physics},
	Number = {2},
	Pages = {143-200},
	Title = {The nature of the liquid-vapour interface and other topics in the statistical mechanics of non-uniform, classical fluids},
	Url = {http://dx.doi.org/10.1080/00018737900101365},
	Volume = {28},
	Year = {1979},
	Bdsk-Url-1 = {http://dx.doi.org/10.1080/00018737900101365}}

@article{mermin_thermal_1965,
	Abstract = {A variational property of the ground-state energy of an electron gas in an external potential v(r){\textless}math{\textgreater}{\textless}mi{\textgreater}v{\textless}/mi{\textgreater}{\textless}mo{\textgreater}({\textless}/mo{\textgreater}{\textless}mi mathvariant="normal"{\textgreater}r{\textless}/mi{\textgreater}{\textless}mo{\textgreater}){\textless}/mo{\textgreater}{\textless}/math{\textgreater}, derived by Hohenberg and Kohn, is extended to nonzero temperatures. It is first shown that in the grand canonical ensemble at a given temperature and chemical potential, no two v(r){\textless}math{\textgreater}{\textless}mi{\textgreater}v{\textless}/mi{\textgreater}{\textless}mo{\textgreater}({\textless}/mo{\textgreater}{\textless}mi mathvariant="normal"{\textgreater}r{\textless}/mi{\textgreater}{\textless}mo{\textgreater}){\textless}/mo{\textgreater}{\textless}/math{\textgreater} lead to the same equilibrium density. This fact enables one to define a functional of the density F[n(r)]{\textless}math{\textgreater}{\textless}mi{\textgreater}F{\textless}/mi{\textgreater}{\textless}mo{\textgreater}[{\textless}/mo{\textgreater}{\textless}mi{\textgreater}n{\textless}/mi{\textgreater}{\textless}mo{\textgreater}({\textless}/mo{\textgreater}{\textless}mi mathvariant="normal"{\textgreater}r{\textless}/mi{\textgreater}{\textless}mo{\textgreater}){\textless}/mo{\textgreater}{\textless}mo{\textgreater}]{\textless}/mo{\textgreater}{\textless}/math{\textgreater} independent of v(r){\textless}math{\textgreater}{\textless}mi{\textgreater}v{\textless}/mi{\textgreater}{\textless}mo{\textgreater}({\textless}/mo{\textgreater}{\textless}mi mathvariant="normal"{\textgreater}r{\textless}/mi{\textgreater}{\textless}mo{\textgreater}){\textless}/mo{\textgreater}{\textless}/math{\textgreater}, such that the quantity Ω=∫v(r)n(r)dr+F[n(r)]{\textless}math{\textgreater}{\textless}mi{\textgreater}Ω{\textless}/mi{\textgreater}{\textless}mo{\textgreater}={\textless}/mo{\textgreater}{\textless}mrow{\textgreater}{\textless}mo{\textgreater}∫{\textless}/mo{\textgreater}{\textless}mrow{\textgreater}{\textless}mi{\textgreater}v{\textless}/mi{\textgreater}{\textless}mo{\textgreater}({\textless}/mo{\textgreater}{\textless}mi mathvariant="normal"{\textgreater}r{\textless}/mi{\textgreater}{\textless}mo{\textgreater}){\textless}/mo{\textgreater}{\textless}mi{\textgreater}n{\textless}/mi{\textgreater}{\textless}mo{\textgreater}({\textless}/mo{\textgreater}{\textless}mi mathvariant="normal"{\textgreater}r{\textless}/mi{\textgreater}{\textless}mo{\textgreater}){\textless}/mo{\textgreater}{\textless}mi{\textgreater}d{\textless}/mi{\textgreater}{\textless}mi mathvariant="normal"{\textgreater}r{\textless}/mi{\textgreater}{\textless}/mrow{\textgreater}{\textless}/mrow{\textgreater}{\textless}mo{\textgreater}+{\textless}/mo{\textgreater}{\textless}mi{\textgreater}F{\textless}/mi{\textgreater}{\textless}mo{\textgreater}[{\textless}/mo{\textgreater}{\textless}mi{\textgreater}n{\textless}/mi{\textgreater}{\textless}mo{\textgreater}({\textless}/mo{\textgreater}{\textless}mi mathvariant="normal"{\textgreater}r{\textless}/mi{\textgreater}{\textless}mo{\textgreater}){\textless}/mo{\textgreater}{\textless}mo{\textgreater}]{\textless}/mo{\textgreater}{\textless}/math{\textgreater} is at a minimum and equal to the grand potential when n(r){\textless}math{\textgreater}{\textless}mi{\textgreater}n{\textless}/mi{\textgreater}{\textless}mo{\textgreater}({\textless}/mo{\textgreater}{\textless}mi mathvariant="normal"{\textgreater}r{\textless}/mi{\textgreater}{\textless}mo{\textgreater}){\textless}/mo{\textgreater}{\textless}/math{\textgreater} is the equilibrium density in the grand ensemble in the presence of v(r){\textless}math{\textgreater}{\textless}mi{\textgreater}v{\textless}/mi{\textgreater}{\textless}mo{\textgreater}({\textless}/mo{\textgreater}{\textless}mi mathvariant="normal"{\textgreater}r{\textless}/mi{\textgreater}{\textless}mo{\textgreater}){\textless}/mo{\textgreater}{\textless}/math{\textgreater}.},
	Author = {Mermin, N. David},
	Date-Added = {2016-08-12 11:33:16 +0000},
	Date-Modified = {2016-08-12 11:33:16 +0000},
	Doi = {10.1103/PhysRev.137.A1441},
	File = {APS Snapshot:/Users/lding/Library/Application Support/Zotero/Profiles/pp5nulh6.default/zotero/storage/VQ8PBTHP/pA1441_1.html:text/html},
	Journal = {Physical Review},
	Month = mar,
	Number = {5A},
	Pages = {A1441--A1443},
	Title = {Thermal {Properties} of the {Inhomogeneous} {Electron} {Gas}},
	Url = {http://link.aps.org/doi/10.1103/PhysRev.137.A1441},
	Urldate = {2014-02-10},
	Volume = {137},
	Year = {1965},
	Bdsk-Url-1 = {http://link.aps.org/doi/10.1103/PhysRev.137.A1441},
	Bdsk-Url-2 = {http://dx.doi.org/10.1103/PhysRev.137.A1441}}

@book{CECAM-Juelich,
	Date-Added = {2016-08-12 06:04:26 +0000},
	Date-Modified = {2016-08-12 06:10:38 +0000},
	Editor = {Godehard Sutmann and Johannes Grotendorst and Gerhard Gompper and Dominik Marx},
	Month = {23 - 27 March},
	Publisher = {J{\"u}lich CECAM School at Forschungszentrum J{\"u}lich},
	Title = {Computational Trends in Solvation and Transport in Liquids - Lecture Notes},
	Year = {2015}}

@article{Chandler_1972_RISM,
	Author = {Chandler, David and Andersen, Hans C.},
	Date-Added = {2016-08-10 21:07:01 +0000},
	Date-Modified = {2016-08-10 21:07:33 +0000},
	Doi = {http://dx.doi.org/10.1063/1.1678513},
	Journal = {The Journal of Chemical Physics},
	Number = {5},
	Pages = {1930-1937},
	Title = {Optimized Cluster Expansions for Classical Fluids. II. Theory of Molecular Liquids},
	Url = {http://scitation.aip.org/content/aip/journal/jcp/57/5/10.1063/1.1678513},
	Volume = {57},
	Year = {1972},
	Bdsk-Url-1 = {http://scitation.aip.org/content/aip/journal/jcp/57/5/10.1063/1.1678513},
	Bdsk-Url-2 = {http://dx.doi.org/10.1063/1.1678513}}

@book{hirata_molecular_2004,
	Address = {Dordrecht},
	Date-Added = {2016-08-10 19:48:01 +0000},
	Date-Modified = {2016-08-10 19:48:01 +0000},
	Editor = {Hirata, Fumio},
	Isbn = {978-1-4020-1562-5},
	Language = {en},
	Publisher = {Kluwer Academic Publishers},
	Series = {Understanding {Chemical} {Reactivity}},
	Title = {Molecular {Theory} of {Solvation}},
	Url = {http://link.springer.com/10.1007/1-4020-2590-4},
	Urldate = {2016-08-10},
	Volume = {24},
	Year = {2004},
	Bdsk-Url-1 = {http://link.springer.com/10.1007/1-4020-2590-4}}

@article{Maschio_2012,
	Author = {Maschio, Lorenzo and Kirtman, Bernard and Orlando, Roberto and R{\`e}rat, Michel},
	Date-Added = {2016-08-08 16:24:06 +0000},
	Date-Modified = {2016-08-08 16:24:20 +0000},
	Doi = {http://dx.doi.org/10.1063/1.4767438},
	Eid = 204113,
	Journal = {The Journal of Chemical Physics},
	Number = {20},
	Title = {Ab initio analytical infrared intensities for periodic systems through a coupled perturbed Hartree-Fock/Kohn-Sham method},
	Url = {http://scitation.aip.org/content/aip/journal/jcp/137/20/10.1063/1.4767438},
	Volume = {137},
	Year = {2012},
	Bdsk-Url-1 = {http://scitation.aip.org/content/aip/journal/jcp/137/20/10.1063/1.4767438},
	Bdsk-Url-2 = {http://dx.doi.org/10.1063/1.4767438}}

@article{Saunders_1992,
	Author = {V.R. Saunders and C. Freyria-Fava and R. Dovesi and L. Salasco and C. Roetti},
	Date-Added = {2016-08-08 16:21:53 +0000},
	Date-Modified = {2016-08-08 16:22:03 +0000},
	Doi = {10.1080/00268979200102671},
	Eprint = {http://dx.doi.org/10.1080/00268979200102671},
	Journal = {Molecular Physics},
	Number = {4},
	Pages = {629-665},
	Title = {On the electrostatic potential in crystalline systems where the charge density is expanded in Gaussian functions},
	Url = {http://dx.doi.org/10.1080/00268979200102671},
	Volume = {77},
	Year = {1992},
	Bdsk-Url-1 = {http://dx.doi.org/10.1080/00268979200102671}}

@book{Multipole,
	Address = {Oxford},
	Author = {Raab, R E and De Lange, O L},
	Date-Added = {2016-08-08 16:12:24 +0000},
	Date-Modified = {2016-08-08 16:12:35 +0000},
	Publisher = {Clarendon Press},
	Series = {International series of monographs on physics},
	Title = {{Multipole theory in electromagnetism: classical, quantum, and symmetry aspects, with applications}},
	Url = {https://cds.cern.ch/record/859649},
	Year = {2005},
	Bdsk-Url-1 = {https://cds.cern.ch/record/859649}}

@article{dielectric-constant,
	Adsnote = {Provided by the SAO/NASA Astrophysics Data System},
	Adsurl = {http://adsabs.harvard.edu/abs/1989CPL...155..173R},
	Author = {{Rami Reddy}, M. and {Berkowitz}, M.},
	Date-Added = {2016-08-07 21:03:00 +0000},
	Date-Modified = {2016-08-07 21:03:16 +0000},
	Doi = {10.1016/0009-2614(89)85344-8},
	Journal = {Chemical Physics Letters},
	Month = feb,
	Pages = {173-176},
	Title = {{The dielectric constant of SPC/E water}},
	Volume = 155,
	Year = 1989,
	Bdsk-Url-1 = {http://dx.doi.org/10.1016/0009-2614(89)85344-8}}

@inbook{Stoer_numerical_analysis,
	Author = {Josef Stoer and R. Bulirsch},
	Date-Added = {2016-08-07 12:33:15 +0000},
	Date-Modified = {2016-08-07 12:35:49 +0000},
	Edition = {3},
	Publisher = {Springer-Verlag New York},
	Series = {Texts in Applied Mathematics},
	Title = {Introduction to Numerical Analysis},
	Volume = {12},
	Year = {2002}}

@inbook{pKa,
	Author = {George C. Shields and Paul G. Seybold},
	Date-Added = {2016-08-07 12:24:52 +0000},
	Date-Modified = {2016-08-07 12:29:04 +0000},
	Publisher = {CRC Press},
	Series = {QSAR in Environmental and Health Sciences},
	Title = {Computational Approaches for the Prediction of pKa Values},
	Year = {2013}}

@incollection{Hunenberger_book,
	Abstract = {The experimental determination of single-ion solvation free energies{,} as well as of corresponding derivative thermodynamic solvation parameters{,} is complicated by two fundamental problems: (i) the local electroneutrality of macroscopic matter at equilibrium and its corollary{,} the absence of free gas-phase ions in equilibrium situations; (ii) the presence of a surface polarization at air-liquid interfaces. Chapter 2 discusses these two problems in sequence{,} and provides a summary of their practical implications. The local electroneutrality constraint implies that single-ion solvation parameters are only directly accessible{,} via calorimetry and gas-phase spectroscopy-based statistical mechanics{,} in the form of sums over neutral ion combinations or{,} equivalently{,} as conventional (relative) values{,} i.e. with the proton parameters set to zero by definition. Absolute single-ion solvation parameters can also be obtained via Voltaic cell experiments and workfunction measurements. However{,} the presence of surface polarization effects at air-liquid interfaces implies that these determinations lead to real values{,} i.e. including the reversible work of interface crossing. The absolute single-ion solvation parameters that are of greatest theoretical relevance are intrinsic{,} i.e. solely characterizing the interaction of the ion with its polarized solvent environment{,} without contamination from surface effects. They cannot be accessed on the sole basis of experimental data and require the introduction of some apparently reasonable but formally unprovable postulate or model{,} called in this context an extra-thermodynamic assumption. The introduction of a specific assumption permits to anchor the conventional scale by providing estimates for either of three equivalent experimentally-elusive solvent-dependent quantities{,} namely the intrinsic solvation free energy GH{,}svt of the proton{,} the intrinsic absolute potential VH{,}svt of the reference hydrogen electrode{,} or the air-liquid interfacial potential [small chi]svt{,} along with their pressure or/and temperature derivatives. Unfortunately{,} considering the case of water{,} the use of different experimental approaches along with distinct extra-thermodynamic assumptions leads to a very large uncertainty range on the order of 0.5-1.0 V (potentials) or 50-100 kJ[middle dot]mol-1 (free energy) in the estimated values for the three above quantities.},
	Author = {Hunenberger, Philippe and Reif, Maria},
	Booktitle = {Single-Ion Solvation: Experimental and Theoretical Approaches to Elusive Thermodynamic Quantities},
	Date-Added = {2016-08-07 12:18:39 +0000},
	Date-Modified = {2016-08-07 12:18:55 +0000},
	Doi = {10.1039/9781849732222-00008},
	Isbn = {978-1-84755-187-0},
	Pages = {8-38},
	Publisher = {The Royal Society of Chemistry},
	Title = {Chapter 2 Fundamental Experimental Problems},
	Url = {http://dx.doi.org/10.1039/9781849732222-00008},
	Year = {2011},
	Bdsk-Url-1 = {http://dx.doi.org/10.1039/9781849732222-00008}}

@incollection{Evans_1992,
	Author = {R. Evans},
	Booktitle = {Fundamentals of inhomogeneous fluids},
	Date-Added = {2016-08-07 12:11:40 +0000},
	Date-Modified = {2016-08-10 21:07:53 +0000},
	Editor = {Henderson, Douglas.},
	Publisher = {Marcel Dekker},
	Title = {Density Functionals in the Theory of Nonuniform Fluids},
	Year = {1992}}

@article{Evans_1984,
	Author = {P. Tarazona and R. Evans},
	Date-Added = {2016-08-07 12:04:46 +0000},
	Date-Modified = {2016-08-07 12:05:01 +0000},
	Doi = {10.1080/00268978400101601},
	Eprint = {http://dx.doi.org/10.1080/00268978400101601},
	Journal = {Molecular Physics},
	Number = {4},
	Pages = {847-857},
	Title = {A simple density functional theory for inhomogeneous liquids},
	Url = {http://dx.doi.org/10.1080/00268978400101601},
	Volume = {52},
	Year = {1984},
	Bdsk-Url-1 = {http://dx.doi.org/10.1080/00268978400101601}}

@book{Frenkel-Smit,
	Address = {San Diego},
	Date-Added = {2016-08-07 11:53:57 +0000},
	Date-Modified = {2016-08-07 11:56:00 +0000},
	Edition = {Second Edition},
	Editor = {Frenkel, Daan and , and Smit, Berend},
	Publisher = {Academic Press},
	Title = {Understanding Molecular Simulation (Second Edition)},
	Year = {2002}}

@book{Briggs-DFT,
	Author = {Briggs, William L, and Van E. Henson.},
	Date-Added = {2016-08-07 11:49:18 +0000},
	Date-Modified = {2016-08-07 11:51:59 +0000},
	Publisher = {Philadelphia: Society for Industrial and Applied Mathematics},
	Title = {The DFT: An Owner's Manual for the Discrete Fourier Transform},
	Year = {1995}}

@book{Allen-Tildesley,
	Abstract = {{Computer simulation is an essential tool in studying the chemistry and physics of liquids.  Simulations allow us to develop models and to test them against experimental data. They can be used to evaluate approximate theories of liquids, and to provide detailed information on the structure and dynamics of model liquids at the molecular level. This book is an introduction and practical guide to the molecular dynamics and Monte Carlo methods.    The first four chapters describe these methods in detail, and provide the essential background in intermolecular forces and statistical mechanics.  Chapters 5 and 6 emphasize the practical aspects of writing efficient programs and analysing the simulation results.  The remaining chapters cover advanced techniques, non-equilibrium methods, Brownian dynamics, quantum simulations, and some important applications.  FORTRAN code is presented in the text.}},
	Author = {Allen, M. P. and Tildesley, D. J.},
	Citeulike-Article-Id = {1820925},
	Citeulike-Linkout-0 = {http://www.amazon.ca/exec/obidos/redirect?tag=citeulike09-20\&amp;path=ASIN/0198556454},
	Citeulike-Linkout-1 = {http://www.amazon.de/exec/obidos/redirect?tag=citeulike01-21\&amp;path=ASIN/0198556454},
	Citeulike-Linkout-10 = {http://www.worldcat.org/oclc/20281700},
	Citeulike-Linkout-2 = {http://www.amazon.fr/exec/obidos/redirect?tag=citeulike06-21\&amp;path=ASIN/0198556454},
	Citeulike-Linkout-3 = {http://www.amazon.jp/exec/obidos/ASIN/0198556454},
	Citeulike-Linkout-4 = {http://www.amazon.co.uk/exec/obidos/ASIN/0198556454/citeulike00-21},
	Citeulike-Linkout-5 = {http://www.amazon.com/exec/obidos/redirect?tag=citeulike07-20\&path=ASIN/0198556454},
	Citeulike-Linkout-6 = {http://www.worldcat.org/isbn/0198556454},
	Citeulike-Linkout-7 = {http://books.google.com/books?vid=ISBN0198556454},
	Citeulike-Linkout-8 = {http://www.amazon.com/gp/search?keywords=0198556454\&index=books\&linkCode=qs},
	Citeulike-Linkout-9 = {http://www.librarything.com/isbn/0198556454},
	Date-Added = {2016-08-07 11:44:43 +0000},
	Date-Modified = {2016-08-07 11:45:09 +0000},
	Day = {29},
	Edition = {Reprint},
	Howpublished = {Paperback},
	Isbn = {0198556454},
	Keywords = {computer\_simulation\_of\_liquids, dynamics, liquids, molecular, simulations},
	Month = jun,
	Posted-At = {2009-09-21 01:53:35},
	Priority = {2},
	Publisher = {Clarendon Press},
	Series = {Oxford science publications},
	Title = {{Computer Simulation of Liquids (Oxford Science Publications)}},
	Url = {http://www.worldcat.org/isbn/0198556454},
	Year = {1989},
	Bdsk-Url-1 = {http://www.worldcat.org/isbn/0198556454}}

@book{Jensen,
	Author = {Jensen, Frank},
	Date-Added = {2016-08-06 09:41:54 +0000},
	Date-Modified = {2016-08-06 09:42:07 +0000},
	Isbn = {0470011874},
	Publisher = {John Wiley \& Sons},
	Title = {Introduction to Computational Chemistry},
	Year = {2006}}

@book{iupac,
	Author = {Mcnaught, A. D. and Wilkinson, A.},
	Citeulike-Article-Id = {5047026},
	Date-Added = {2016-08-05 18:26:21 +0000},
	Date-Modified = {2016-08-05 18:26:21 +0000},
	Day = {1997},
	Isbn = {978-0865426849},
	Keywords = {encyclopedia},
	Month = aug,
	Posted-At = {2009-07-03 15:42:44},
	Priority = {2},
	Publisher = {WileyBlackwell; 2nd Revised edition edition},
	Title = {I{UPAC}. Compendium of Chemical Terminology, 2nd ed. (the "Gold Book").}}

@url{LRZ-cours,
	Author = {Georg Hager and Gerhard Wellein},
	Date-Added = {2016-08-03 18:59:19 +0000},
	Date-Modified = {2016-08-03 19:27:29 +0000},
	Month = {12},
	Title = {Formation lecture: Node-Level Performance Engineering},
	Url = {http://moodle.rrze.uni-erlangen.de/course/view.php?id=274},
	Year = {2015},
	Bdsk-Url-1 = {http://moodle.rrze.uni-erlangen.de/course/view.php?id=274&username=guest&password=guest}}

@phdthesis{Jeanmairet_thesis,
	Author = {Jeanmairet, Guillaume},
	Date-Added = {2016-08-02 19:59:45 +0000},
	Date-Modified = {2016-08-02 20:00:02 +0000},
	Hal_Id = {tel-01067993},
	Hal_Version = {v1},
	Keywords = {Classical density functional theory ; Solvation ; Th{\'e}orie fonctionnelle de la densit{\'e} classique ; Solvatation ; Eau ; Propri{\'e}t{\'e}s structurales ; Chimie th{\'e}orique ; Energie libre},
	Month = Jul,
	Number = {2014PA066122},
	Pdf = {https://tel.archives-ouvertes.fr/tel-01067993/file/these_archivage_2704256opti.pdf},
	School = {{Universit{\'e} Pierre et Marie Curie - Paris VI}},
	Title = {{A molecular density functional theory to study solvation in water}},
	Type = {Theses},
	Url = {https://tel.archives-ouvertes.fr/tel-01067993},
	Year = {2014},
	Bdsk-Url-1 = {https://tel.archives-ouvertes.fr/tel-01067993}}

@booklet{Complexity,
	Author = {Peter G{\'a}cs and L{\'a}szl{\'o} Lov{\'a}sz},
	Date-Added = {2016-08-02 11:23:28 +0000},
	Date-Modified = {2016-08-02 11:29:39 +0000},
	Howpublished = {Lecture Notes},
	Month = {Spring},
	Title = {Complexity of Algorithms},
	Year = {1999}}

@book{PCET,
	Date-Added = {2016-08-02 10:57:02 +0000},
	Date-Modified = {2016-08-02 10:57:09 +0000},
	Doi = {10.1039/9781849733168},
	Editor = {Formosinho, Sebastiao and Barroso, Monica},
	Isbn = {978-1-84973-141-6},
	Pages = {P001-157},
	Publisher = {The Royal Society of Chemistry},
	Series = {RSC Catalysis Series},
	Subtitle = {A Carrefour of Chemical Reactivity Traditions},
	Title = {Proton-Coupled Electron Transfer},
	Url = {http://dx.doi.org/10.1039/9781849733168},
	Year = {2012},
	Bdsk-Url-1 = {http://dx.doi.org/10.1039/9781849733168}}

@article{Mn-oxo,
	Author = {Trenton H. Parsell and Meng-Yin Yang and A. S. Borovik},
	Date-Added = {2016-08-02 07:46:45 +0000},
	Date-Modified = {2016-08-03 19:24:37 +0000},
	Doi = {10.1021/ja8100825},
	Eprint = {http://dx.doi.org/10.1021/ja8100825},
	Journal = {Journal of the American Chemical Society},
	Note = {PMID: 19196005},
	Number = {8},
	Pages = {2762-2763},
	Title = {C-H Bond Cleavage with Reductants: Re-Investigating the Reactivity of Monomeric MnIII/IV-Oxo Complexes and the Role of Oxo Ligand Basicity},
	Url = {http://dx.doi.org/10.1021/ja8100825},
	Volume = {131},
	Year = {2009},
	Bdsk-Url-1 = {http://dx.doi.org/10.1021/ja8100825}}

@article{Fries_Patey_1985,
	Abstract = {In this paper we describe a general method for the numerical solution of the full hypernetted‐chain (HNC) theory for fluids characterized by angle‐dependent pair potentials. This method is also applicable to the closely related reference hypernetted‐chain (RHNC) approximation. The only formal restriction is that the pair potential and correlation functions must be expandable in a basis set of rotational invariants. We present explicit numerical solutions of the RHNC theory for dense dipolar hard sphere fluids and detailed comparisons are made with previous theories and computer simulation results. It is found that the full RHNC theory generally improves upon the previous reference linearized and quadratic HNC approximations. The values given by the RHNC theory for the static dielectric constants are smaller than those given by these earlier approximations and are in much better agreement with computer simulations.},
	Author = {Fries, P. H. and Patey, G. N.},
	Date-Added = {2016-04-25 15:14:36 +0000},
	Date-Modified = {2016-04-25 15:14:36 +0000},
	Doi = {doi:10.1063/1.448764},
	File = {AIP Journal PDF:/Users/lding/Library/Application Support/Zotero/Profiles/pp5nulh6.default/zotero/storage/DJ6E374I/Fries and Patey - 1985 - The solution of the hypernetted‐chain approximatio.pdf:application/pdf;AIP Journal Snapshot:/Users/lding/Library/Application Support/Zotero/Profiles/pp5nulh6.default/zotero/storage/6V6ANDW3/p429_s1.html:text/html},
	Issn = {00219606},
	Journal = {The Journal of Chemical Physics},
	Month = jan,
	Number = {1},
	Pages = {429--440},
	Title = {The solution of the hypernetted-chain approximation for fluids of nonspherical particles. {A} general method with application to dipolar hard spheres},
	Url = {http://jcp.aip.org/resource/1/jcpsa6/v82/i1/p429_s1},
	Urldate = {2013-01-15},
	Volume = {82},
	Year = {1985},
	Bdsk-Url-1 = {http://jcp.aip.org/resource/1/jcpsa6/v82/i1/p429_s1},
	Bdsk-Url-2 = {http://dx.doi.org/10.1063/1.448764}}

@article{nijboer,
	Abstract = {We come back to the 1979 controversy about the value of the energy per particleФ, in an infinite Wigner lattice of electrons in a uniform compensating background. For simplicity we restrict ourselves to the simple cubic (and square) lattice. We present an accurate calculation of the energyФel of one electron in the field of the other electrons plus background for the case that the system (system I) is considered as an infinite arrangement of neutral cubes (Wigner-Seitz cells). The value obtained is checked by computer calculations. We confirm the conclusion of de Wette that for this system the relationФi=1/2Фel (often accepted without discussion) does not hold and we calculate the differenceΔФ, which represents the average potential in the system. On the other hand, if the system is considered as the limit of a set of spheres with increasing radii, such that the spheres are neutral (system II), we obtain a different value ofФel and in this caseФi=1/2Фel. We show explicitly that the Ewald method of summation, used by Fuchs and others, leads to the same analytical expression as the limit obtained for a set of neutral spheres (system II). We extend the calculations to the two-dimensional square lattice. Here the equalityФi=1/2Фel holds also in the case of an infinite arrangement of neutral squares (system I).},
	Author = {Nijboer, B. R. A. and Ruijgrok, Th. W.},
	Date-Added = {2016-04-25 15:14:36 +0000},
	Date-Modified = {2016-08-10 16:52:50 +0000},
	Doi = {10.1007/BF01011562},
	Issn = {1572-9613},
	Journal = {Journal of Statistical Physics},
	Number = {1},
	Pages = {361--382},
	Title = {On the energy per particle in three- and two-dimensional {Wigner} lattices},
	Url = {http://dx.doi.org/10.1007/BF01011562},
	Volume = {53},
	Bdsk-Url-1 = {http://dx.doi.org/10.1007/BF01011562}}

@article{Zhao_2011,
	Author = {Zhao, Shuangliang and Ramirez, Rosa and Vuilleumier, Rodolphe and Borgis, Daniel},
	Date-Added = {2016-04-25 15:14:36 +0000},
	Date-Modified = {2016-04-25 15:14:36 +0000},
	Doi = {http://dx.doi.org/10.1063/1.3589142},
	Eid = 194102,
	Journal = {The Journal of Chemical Physics},
	Number = {19},
	Title = {Molecular density functional theory of solvation: From polar solvents to water},
	Url = {http://scitation.aip.org/content/aip/journal/jcp/134/19/10.1063/1.3589142},
	Volume = {134},
	Year = {2011},
	Bdsk-Url-1 = {http://scitation.aip.org/content/aip/journal/jcp/134/19/10.1063/1.3589142},
	Bdsk-Url-2 = {http://dx.doi.org/10.1063/1.3589142}}

@article{Kastenholz_2006_II,
	Author = {Kastenholz, Mika A. and H{\"u}nenberger, Philippe H.},
	Date-Added = {2016-04-25 15:14:36 +0000},
	Date-Modified = {2016-04-25 15:14:36 +0000},
	Doi = {http://dx.doi.org/10.1063/1.2201698},
	Eid = 224501,
	Journal = {The Journal of Chemical Physics},
	Number = {22},
	Title = {Computation of methodology-independent ionic solvation free energies from molecular simulations. II. The hydration free energy of the sodium cation},
	Url = {http://scitation.aip.org/content/aip/journal/jcp/124/22/10.1063/1.2201698},
	Volume = {124},
	Year = {2006},
	Bdsk-Url-1 = {http://scitation.aip.org/content/aip/journal/jcp/124/22/10.1063/1.2201698},
	Bdsk-Url-2 = {http://dx.doi.org/10.1063/1.2201698}}

@article{Kastenholz_2006_I,
	Author = {Kastenholz, M. A. and H{\"u}nenberger, Philippe H.},
	Date-Added = {2016-04-25 15:14:36 +0000},
	Date-Modified = {2016-04-25 15:14:36 +0000},
	Doi = {http://dx.doi.org/10.1063/1.2172593},
	Eid = 124106,
	Journal = {The Journal of Chemical Physics},
	Number = {12},
	Title = {Computation of methodology-independent ionic solvation free energies from molecular simulations. I. The electrostatic potential in molecular liquids},
	Url = {http://scitation.aip.org/content/aip/journal/jcp/124/12/10.1063/1.2172593},
	Volume = {124},
	Year = {2006},
	Bdsk-Url-1 = {http://scitation.aip.org/content/aip/journal/jcp/124/12/10.1063/1.2172593},
	Bdsk-Url-2 = {http://dx.doi.org/10.1063/1.2172593}}

@book{Edmonds,
	Adsnote = {Provided by the SAO/NASA Astrophysics Data System},
	Adsurl = {http://adsabs.harvard.edu/abs/1960amqm.book.....E},
	Author = {{Edmonds}, A.~R.},
	Booktitle = {Angular Momentum in Quantum Mechanics, Princeton: Princeton University Press, 1960},
	Date-Added = {2016-04-25 15:14:36 +0000},
	Date-Modified = {2016-04-25 15:14:36 +0000},
	Title = {{Angular Momentum in Quantum Mechanics}},
	Year = 1960}

@article{Blum_II,
	Author = {Blum, L.},
	Date-Added = {2016-04-25 15:14:36 +0000},
	Date-Modified = {2016-04-25 15:14:36 +0000},
	Doi = {http://dx.doi.org/10.1063/1.1678503},
	Journal = {The Journal of Chemical Physics},
	Number = {5},
	Pages = {1862-1869},
	Title = {Invariant Expansion. II. The Ornstein Zernike-Equation for Nonspherical Molecules and an Extended Solution to the Mean Spherical Model},
	Url = {http://scitation.aip.org/content/aip/journal/jcp/57/5/10.1063/1.1678503},
	Volume = {57},
	Year = {1972},
	Bdsk-Url-1 = {http://scitation.aip.org/content/aip/journal/jcp/57/5/10.1063/1.1678503},
	Bdsk-Url-2 = {http://dx.doi.org/10.1063/1.1678503}}

@article{Blum_I,
	Author = {Blum, L. and Torruella, A. J.},
	Date-Added = {2016-04-25 15:14:36 +0000},
	Date-Modified = {2016-04-25 15:14:36 +0000},
	Doi = {http://dx.doi.org/10.1063/1.1676864},
	Journal = {The Journal of Chemical Physics},
	Number = {1},
	Pages = {303-310},
	Title = {Invariant Expansion for Two-Body Correlations: Thermodynamic Functions, Scattering, and the Ornstein-Zernike Equation},
	Url = {http://scitation.aip.org/content/aip/journal/jcp/56/1/10.1063/1.1676864},
	Volume = {56},
	Year = {1972},
	Bdsk-Url-1 = {http://scitation.aip.org/content/aip/journal/jcp/56/1/10.1063/1.1676864},
	Bdsk-Url-2 = {http://dx.doi.org/10.1063/1.1676864}}

@book{Hensen-McDonald,
	Address = {Oxford},
	Author = {Jean-Pierre Hansen and Ian R. McDonald},
	Booktitle = {Theory of Simple Liquids (Fourth Edition)},
	Date-Added = {2016-04-25 15:14:36 +0000},
	Date-Modified = {2016-04-25 15:14:36 +0000},
	Edition = {Fourth Edition},
	Editor = {Hansen, Jean-Pierre and McDonald, Ian R.},
	Isbn = {978-0-12-387032-2},
	Publisher = {Academic Press},
	Title = {Theory of Simple Liquids},
	Year = {2013},
	Bdsk-Url-1 = {http://www.sciencedirect.com/science/article/pii/B9780123870322000131},
	Bdsk-Url-2 = {http://dx.doi.org/10.1016/B978-0-12-387032-2.00013-1}}

@article{Choi_1999,
	Author = {Choi, Cheol Ho and Ivanic, Joseph and Gordon, Mark S. and Ruedenberg, Klaus},
	Date-Added = {2016-04-25 15:14:36 +0000},
	Date-Modified = {2016-04-25 15:14:36 +0000},
	Doi = {http://dx.doi.org/10.1063/1.480229},
	Journal = {The Journal of Chemical Physics},
	Number = {19},
	Pages = {8825-8831},
	Title = {Rapid and stable determination of rotation matrices between spherical harmonics by direct recursion},
	Url = {http://scitation.aip.org/content/aip/journal/jcp/111/19/10.1063/1.480229},
	Volume = {111},
	Year = {1999},
	Bdsk-Url-1 = {http://scitation.aip.org/content/aip/journal/jcp/111/19/10.1063/1.480229},
	Bdsk-Url-2 = {http://dx.doi.org/10.1063/1.480229}}

@book{Numerical_Recipes_3ed,
	Address = {New York, NY, USA},
	Author = {Press, William H. and Teukolsky, Saul A. and Vetterling, William T. and Flannery, Brian P.},
	Date-Added = {2016-04-25 15:14:36 +0000},
	Date-Modified = {2016-04-25 15:14:36 +0000},
	Edition = {3},
	Isbn = {0521880688, 9780521880688},
	Publisher = {Cambridge University Press},
	Title = {Numerical Recipes 3rd Edition: The Art of Scientific Computing},
	Year = {2007},
	Bdsk-File-1 = {YnBsaXN0MDDUAQIDBAUGJCVYJHZlcnNpb25YJG9iamVjdHNZJGFyY2hpdmVyVCR0b3ASAAGGoKgHCBMUFRYaIVUkbnVsbNMJCgsMDxJXTlMua2V5c1pOUy5vYmplY3RzViRjbGFzc6INDoACgAOiEBGABIAFgAdccmVsYXRpdmVQYXRoWWFsaWFzRGF0YV8QGC4uLy4uLy5UcmFzaC9zY2llbmNlLmJpYtIXCxgZV05TLmRhdGFPEQFmAAAAAAFmAAIAAAxNYWNpbnRvc2ggSEQAAAAAAAAAAAAAAAAAAADOl7nTSCsAAAGfdCALc2NpZW5jZS5iaWIAAAAAAAAAAAAAAAAAAAAAAAAAAAAAAAAAAAAAAAAAAAAAAAAAAAAAAAAAAAAAAAAAAAAAAZ/lnNPM7dkAAAAAAAAAAAACAAIAAAkgAAAAAAAAAAAAAAAAAAAABi5UcmFzaAAQAAgAAM6Xq8MAAAARAAgAANPM0bkAAAABAAwBn3QgABEuCQACZI4AAgAuTWFjaW50b3NoIEhEOlVzZXJzOgBsZGluZzoALlRyYXNoOgBzY2llbmNlLmJpYgAOABgACwBzAGMAaQBlAG4AYwBlAC4AYgBpAGIADwAaAAwATQBhAGMAaQBuAHQAbwBzAGgAIABIAEQAEgAeVXNlcnMvbGRpbmcvLlRyYXNoL3NjaWVuY2UuYmliABMAAS8AABUAAgAM//8AAIAG0hscHR5aJGNsYXNzbmFtZVgkY2xhc3Nlc11OU011dGFibGVEYXRhox0fIFZOU0RhdGFYTlNPYmplY3TSGxwiI1xOU0RpY3Rpb25hcnmiIiBfEA9OU0tleWVkQXJjaGl2ZXLRJidUcm9vdIABAAgAEQAaACMALQAyADcAQABGAE0AVQBgAGcAagBsAG4AcQBzAHUAdwCEAI4AqQCuALYCIAIiAicCMgI7AkkCTQJUAl0CYgJvAnIChAKHAowAAAAAAAACAQAAAAAAAAAoAAAAAAAAAAAAAAAAAAACjg==}}

@article{Luc_2012,
	Author = {Puibasset, Jo{\"e}l and Belloni, Luc},
	Date-Added = {2016-04-25 15:14:36 +0000},
	Date-Modified = {2016-04-25 15:14:36 +0000},
	Doi = {http://dx.doi.org/10.1063/1.4703899},
	Eid = 154503,
	Journal = {The Journal of Chemical Physics},
	Number = {15},
	Pages = {-},
	Title = {Bridge function for the dipolar fluid from simulation},
	Url = {http://scitation.aip.org/content/aip/journal/jcp/136/15/10.1063/1.4703899},
	Volume = {136},
	Year = {2012},
	Bdsk-Url-1 = {http://scitation.aip.org/content/aip/journal/jcp/136/15/10.1063/1.4703899},
	Bdsk-Url-2 = {http://dx.doi.org/10.1063/1.4703899}}

@article{Luc_2014,
	Author = {Luc Belloni and Ioulia Chikina},
	Date-Added = {2016-04-25 15:14:36 +0000},
	Date-Modified = {2016-04-25 15:14:36 +0000},
	Doi = {10.1080/00268976.2014.885612},
	Eprint = {http://dx.doi.org/10.1080/00268976.2014.885612},
	Journal = {Molecular Physics},
	Number = {9-10},
	Pages = {1246-1256},
	Title = {Efficient full Newton - Raphson technique for the solution of molecular integral equations - example of the SPC/E water-like system},
	Url = {http://dx.doi.org/10.1080/00268976.2014.885612},
	Volume = {112},
	Year = {2014},
	Bdsk-Url-1 = {http://dx.doi.org/10.1080/00268976.2014.885612}}

@book{Messiah,
	Author = {Albert Messiah},
	Date-Added = {2016-04-25 15:14:36 +0000},
	Date-Modified = {2016-04-25 15:14:36 +0000},
	Isbn = {9780720400458},
	Number = {vol.~2},
	Publisher = {North-Holland},
	Series = {Quantum Mechanics},
	Title = {Quantum Mechanics},
	Url = {https://books.google.fr/books?id=VR93vUk8d\_8C},
	Year = {1981},
	Bdsk-Url-1 = {https://books.google.fr/books?id=VR93vUk8d%5C_8C}}

@article{FFTW3,
	Author = {Frigo, M. and Johnson, S.G.},
	Date-Added = {2016-04-25 15:14:36 +0000},
	Date-Modified = {2016-04-25 15:14:36 +0000},
	Doi = {10.1109/JPROC.2004.840301},
	Issn = {0018-9219},
	Journal = {Proceedings of the IEEE},
	Keywords = {discrete Fourier transforms;discrete cosine transforms;mathematics computing;optimising compilers;parallel programming;software libraries;DFT algorithm;FFTW3 design;FFTW3 version;cosine transforms;discrete Fourier transform;hand optimized libraries;machine specific single instruction;multiple data instructions;sine transforms;software structure;Data structures;Discrete Fourier transforms;Discrete cosine transforms;Discrete transforms;Fast Fourier transforms;Fourier transforms;Hardware;Multidimensional systems;Optimizing compilers;Software libraries;Adaptive software;Fourier transform;Hartley transform;I/O tensor;cosine transform;fast Fourier transform (FFT)},
	Month = {Feb},
	Number = {2},
	Pages = {216-231},
	Title = {The Design and Implementation of FFTW3},
	Volume = {93},
	Year = {2005},
	Bdsk-Url-1 = {http://dx.doi.org/10.1109/JPROC.2004.840301}}

@book{Gray-Gubbins,
	Author = {Gray, C.G. and Gubbins, K.E.},
	Date-Added = {2016-04-25 15:14:36 +0000},
	Date-Modified = {2016-04-25 15:14:36 +0000},
	Isbn = {9780198556022},
	Lccn = {83023767},
	Publisher = {OUP Oxford},
	Series = {International Series of Monographs on Chemistry},
	Title = {Theory of Molecular Fluids: I: Fundamentals},
	Url = {http://books.google.de/books?id=3mz2RcnnMGwC},
	Year = {1984},
	Bdsk-Url-1 = {http://books.google.de/books?id=3mz2RcnnMGwC}}
